%% KisSplice
@article{Sacomoto2012,
author = {Sacomoto, Gustavo A T and Kielbassa, Janice and Chikhi, Rayan and Uricaru, Raluca and Antoniou, Pavlos and Sagot, Marie-France and Peterlongo, Pierre and Lacroix, Vincent},
doi = {10.1186/1471-2105-13-S6-S5},
issn = {1471-2105},
journal = {BMC bioinformatics},
pages = {S5},
pmid = {22537044},
title = {{KISSPLICE: de-novo calling alternative splicing events from RNA-seq data.}},
volume = {13 Suppl 6},
year = {2012}
}


%%DESeq2
@article{Love2014,
author = {Love, Michael I and Huber, Wolfgang and Anders, Simon and L{\"{o}}nnstedt, I and Speed, T and Robinson, MD and Smyth, GK and McCarthy, DJ and Chen, Y and Smyth, GK and Anders, S and Huber, W and Zhou, Y-H and Xia, K and Wright, FA and Wu, H and Wang, C and Wu, Z and Hardcastle, T and Kelly, K and Wiel, MA Van De and Leday, GGR and Pardo, L and Rue, H and Vaart, AW Van Der and Wieringen, WN Van and Boer, JM and Huber, WK and S{\"{u}}ltmann, H and Wilmer, F and von Heydebreck, A and Haas, S and Korn, B and Gunawan, B and Vente, A and F{\"{u}}zesi, L and Vingron, M and Poustka, A and Gentleman, RC and Carey, VJ and Bates, DM and Bolstad, B and Dettling, M and Dudoit, S and Ellis, B and Gautier, L and Ge, Y and Gentry, J and Hornik, K and Hothorn, T and Huber, W and Iacus, S and Irizarry, R and Leisch, F and Li, C and Maechler, M and Rossini, AJ and Sawitzki, G and Smith, C and Smyth, G and Tierney, L and Yang, JY and Zhang, J and McCullagh, P and Nelder, JA and Hansen, KD and Irizarry, RA and Wu, Z and Risso, D and Schwartz, K and Sherlock, G and Dudoit, S and Smyth, GK and Bottomly, D and Walter, NAR and Hunter, JE and Darakjian, P and Kawane, S and Buck, KJ and Searles, RP and Mooney, M and McWeeney, SK and Hitzemann, R and Pickrell, JK and Marioni, JC and Pai, AA and Degner, JF and Engelhardt, BE and Nkadori, E and Veyrieras, J-B and Stephens, M and Gilad, Y and Pritchard, JK and Hastie, T and Tibshirani, R and Friedman, J and Bi, Y and Davuluri, R and Feng, J and Meyer, CA and Wang, Q and Liu, JS and Liu, XS and Zhang, Y and Benjamini, Y and Hochberg, Y and Bourgon, R and Gentleman, R and Huber, W and McCarthy, DJ and Smyth, GK and Li, J and Tibshirani, R and Cook, RD and Hammer, P and Banck, MS and Amberg, R and Wang, C and Petznick, G and Luo, S and Khrebtukova, I and Schroth, GP and Beyerlein, P and Beutler, AS and Frazee, A and Langmead, B and Leek, J and Trapnell, C and Hendrickson, DG and Sauvageau, M and Goff, L and Rinn, JL and Pachter, L and Glaus, P and Honkela, A and Rattray, M and Anders, S and Reyes, A and Huber, W and Sammeth, M and Robinson, MD and McCarthy, DJ and Smyth, GK and Zhou, X and Lindsay, H and Robinson, MD and Leng, N and Dawson, JA and Thomson, JA and Ruotti, V and Rissman, AI and Smits, BMG and Haag, JD and Gould, MN and Stewart, RM and Kendziorski, C and Law, CW and Chen, Y and Shi, W and Smyth, GK and Hubert, L and Arabie, P and Witten, DM and Irizarry, RA and Wu, Z and Jaffee, HA and Asangani, IA and Dommeti, VL and Wang, X and Malik, R and Cieslik, M and Yang, R and Escara-Wilke, J and Wilder-Romans, K and Dhanireddy, S and Engelke, C and Iyer, MK and Jing, X and Wu, Y-M and Cao, X and Qin, ZS and Wang, S and Feng, FY and Chinnaiyan, AM and Ross-Innes, CS and Stark, R and Teschendorff, AE and Holmes, KA and Ali, HR and Dunning, MJ and Brown, GD and Gojis, O and Ellis, IO and Green, AR and Ali, S and Chin, S-F and Palmieri, C and Caldas, C and Carroll, JS and Robinson, DG and Chen, W and Storey, JD and Gresham, D and McMurdie, PJ and Holmes, S and Vasquez, J and Hon, C and Vanselow, JT and Schlosser, A and Siegel, TN and Zhou, Y and Zhu, S and Cai, C and Yuan, P and Li, C and Huang, Y and Wei, W and Cox, DR and Reid, N and Robinson, MD and Smyth, GK and Pawitan, Y and Armijo, L and Di, Y and Schafer, DW and Cumbie, JS and Chang, JH and Abramowitz, M and Stegun, I and Newton, M and Kendziorski, C and Richmond, C and Blattner, F and Tsui, K and Huber, W and von Heydebreck, A and Sultmann, H and Poustka, A and Vingron, M and Durbin, BP and Hardin, JS and Hawkins, DM and Rocke, DM and Friedman, J and Hastie, T and Tibshirani, R and Cule, E and Vineis, P and Iorio, M De and Cook, RD and Weisberg, S and Lawrence, M and Huber, W and Pag{\`{e}}s, H and Aboyoun, P and Carlson, M and Gentleman, R and Morgan, MT and Carey, VJ and Anders, S and Pyl, PT and Huber, W and Delhomme, N and Padioleau, I and Furlong, EE and Steinmetz, LM and Liao, Y and Smyth, GK and Shi, W and Kim, D and Pertea, G and Trapnell, C and Pimentel, H and Kelley, R and Salzberg, S},
doi = {10.1186/s13059-014-0550-8},
issn = {1474-760X},
journal = {Genome Biology},
keywords = {Animal Genetics and Genomics,Bioinformatics,Evolutionary Biology,Human Genetics,Microbial Genetics and Genomics,Plant Genetics {\&} Genomics},
month = {dec},
number = {12},
pages = {550},
publisher = {BioMed Central},
title = {{Moderated estimation of fold change and dispersion for RNA-seq data with DESeq2}},
volume = {15},
year = {2014}
}



%% Geuvadis
@article{Lappalainen2013,
author = {Lappalainen, Tuuli and Sammeth, Michael and Friedl{\"{a}}nder, Marc R and {'t Hoen}, Peter A C and Monlong, Jean and Rivas, Manuel A and Gonz{\`{a}}lez-Porta, Mar and Kurbatova, Natalja and Griebel, Thasso and Ferreira, Pedro G and Barann, Matthias and Wieland, Thomas and Greger, Liliana and van Iterson, Maarten and Alml{\"{o}}f, Jonas and Ribeca, Paolo and Pulyakhina, Irina and Esser, Daniela and Giger, Thomas and Tikhonov, Andrew and Sultan, Marc and Bertier, Gabrielle and MacArthur, Daniel G and Lek, Monkol and Lizano, Esther and Buermans, Henk P J and Padioleau, Ismael and Schwarzmayr, Thomas and Karlberg, Olof and Ongen, Halit and Kilpinen, Helena and Beltran, Sergi and Gut, Marta and Kahlem, Katja and Amstislavskiy, Vyacheslav and Stegle, Oliver and Pirinen, Matti and Montgomery, Stephen B and Donnelly, Peter and McCarthy, Mark I and Flicek, Paul and Strom, Tim M and {Geuvadis Consortium}, The Geuvadis and Lehrach, Hans and Schreiber, Stefan and Sudbrak, Ralf and Carracedo, Angel and Antonarakis, Stylianos E and H{\"{a}}sler, Robert and Syv{\"{a}}nen, Ann-Christine and van Ommen, Gert-Jan and Brazma, Alvis and Meitinger, Thomas and Rosenstiel, Philip and Guig{\'{o}}, Roderic and Gut, Ivo G and Estivill, Xavier and Dermitzakis, Emmanouil T},
doi = {10.1038/nature12531},
issn = {1476-4687},
journal = {Nature},
month = {sep},
number = {7468},
pages = {506--11},
pmid = {24037378},
publisher = {NIH Public Access},
title = {{Transcriptome and genome sequencing uncovers functional variation in humans.}},
volume = {501},
year = {2013}
}


%% ENCODE
@article{Djebali2012,
annote = {10.1038/nature11233},
author = {Djebali, Sarah and Davis, Carrie A and Merkel, Angelika and Dobin, Alex and Lassmann, Timo and Mortazavi, Ali and Tanzer, Andrea and Lagarde, Julien and Lin, Wei and Schlesinger, Felix and Xue, Chenghai and Marinov, Georgi K and Khatun, Jainab and Williams, Brian A and Zaleski, Chris and Rozowsky, Joel and Roder, Maik and Kokocinski, Felix and Abdelhamid, Rehab F and Alioto, Tyler and Antoshechkin, Igor and Baer, Michael T and Bar, Nadav S and Batut, Philippe and Bell, Kimberly and Bell, Ian and Chakrabortty, Sudipto and Chen, Xian and Chrast, Jacqueline and Curado, Joao and Derrien, Thomas and Drenkow, Jorg and Dumais, Erica and Dumais, Jacqueline and Duttagupta, Radha and Falconnet, Emilie and Fastuca, Meagan and Fejes-Toth, Kata and Ferreira, Pedro and Foissac, Sylvain and Fullwood, Melissa J and Gao, Hui and Gonzalez, David and Gordon, Assaf and Gunawardena, Harsha and Howald, Cedric and Jha, Sonali and Johnson, Rory and Kapranov, Philipp and King, Brandon and Kingswood, Colin and Luo, Oscar J and Park, Eddie and Persaud, Kimberly and Preall, Jonathan B and Ribeca, Paolo and Risk, Brian and Robyr, Daniel and Sammeth, Michael and Schaffer, Lorian and See, Lei-Hoon and Shahab, Atif and Skancke, Jorgen and Suzuki, Ana Maria and Takahashi, Hazuki and Tilgner, Hagen and Trout, Diane and Walters, Nathalie and Wang, Huaien and Wrobel, John and Yu, Yanbao and Ruan, Xiaoan and Hayashizaki, Yoshihide and Harrow, Jennifer and Gerstein, Mark and Hubbard, Tim and Reymond, Alexandre and Antonarakis, Stylianos E and Hannon, Gregory and Giddings, Morgan C and Ruan, Yijun and Wold, Barbara and Carninci, Piero and Guigo, Roderic and Gingeras, Thomas R},
issn = {0028-0836},
journal = {Nature},
month = {sep},
number = {7414},
pages = {101--108},
publisher = {Nature Publishing Group, a division of Macmillan Publishers Limited. All Rights Reserved.},
title = {{Landscape of transcription in human cells}},
volume = {489},
year = {2012}
}




